%%%%%%%%%%%%%%%%%%%%%%%%%%%%%%%%%%%%%%%%%%%%%%%%%%%%%%%%%%%%%%%%%%%%%%%%%%%%%%%%
% BIBLIOGRAFÍA                                                                 %
%                                                                              %
% Objetivo: Recopilar las referencias a información utilizadas y/o algunas     %
%           otras que puedan resultar interesantes                             %
%%%%%%%%%%%%%%%%%%%%%%%%%%%%%%%%%%%%%%%%%%%%%%%%%%%%%%%%%%%%%%%%%%%%%%%%%%%%%%%%

@Misc{citicUDC,
   author = "CITIC",
   title = "{Centro de Procesado de Datos}",
   url = "https://citic.udc.es/instalaciones-2/"
}

@Misc{computing,
    author= "Peter Mell, Timothy Grance",
    title = "{The NIST Definition of Cloud Computing}",
    url= "https://nvlpubs.nist.gov/nistpubs/Legacy/SP/nistspecialpublication800-145.pdf"
}

@misc{multi-tenant,
  author       = {Bezemer, Cor-Paul and Zaidman, Andy},
  title        = {Multi-Tenant SaaS Applications: Maintenance Dream or Nightmare?},
  url = {https://doi.org/10.1145/1862372.1862393},
  year = {2010}
}

@book{sddc-definition,
  title={Building VMware Software-Defined Data Centers},
  author={Hamburger, Valentin},
  year={2016},
  publisher={Packt Publishing Ltd}
}

@techreport{bgp,
  title={BGP-4 protocol analysis},
  author={Traina, P},
  year={1995},
  institution={RFC 1774, DDN Network Information Center}
}

@inproceedings{overlay,
  title={Overcast: Reliable multicasting with an overlay network},
  author={Gifford, DK and Johnson, Kirk L and Kaashoek, M Frans and O’Toole Jr, James W},
  booktitle={Proceedings of USENIX Symposium on OSDI},
  year={2000}
}

@article{cluster-vmware,
  title={Resource management with VMware DRS},
  author={Infrastructure, VMware},
  journal={VMware Whitepaper},
  volume={13},
  year={2006}
}

@misc{jumbo-frames,
  title={Ethernet jumbo frames},
  author={Alliance, Ethernet and Kohl, Blaine},
  year={2009},
  publisher={November}
}

@Misc{Esxi,
    author = "VMware",
    title = "{VMware ESXi}",
    url = "https://www.vmware.com/latam/products/esxi-and-esx.html"
}

@Misc{introCloudFoundation,
    author="Taneja Group",
    title="FOR LOWEST TCO AND MAXIMUM AGILITY CHOOSE VMWARE
CLOUD FOUNDATION, THE SDDC PLATFORM FOR HYBRID CLOUDS",
    url="https://www.vmware.com/content/dam/digitalmarketing/vmware/en/pdf/products/cloud-foundation/vmware-cloud-foundation-competitive-tco.pdf"
}

@Misc{opestackintegrated,
    atuhor="VMware",
    title="VMware Integrated OpenStack",
    url="https://www.vmware.com/es/products/openstack.html"}
    
@Misc{fotovSphere,
    atuhor="VMware",
    title="VMware vSphere Entreprise Edition Datasheet",
    url="https://www.vmware.com/files/es/pdf/VMware-vSphere-Entreprise-Edition-Datasheet.pdf"}
    
@Misc{componentesCloudFound,
    author="VMware",
    title="Cloud Foundation Components",
    url="https://docs.vmware.com/en/VMware-Cloud-Foundation/4.0/rn/VMware-Cloud-Foundation-40-Release-Notes.html#swversions"}
    
@Misc{componentesCenterServer,
    author="VMware",
    title="vCenter Server Components and Services",
    url="https://docs.vmware.com/en/VMware-vSphere/6.5/com.vmware.vsphere.install.doc/GUID-78933728-7F02-43AF-ABD8-0BDCE10418A6.html"}
        
@Misc{operacionesVSAN,
    author="VMware vSAN",
    title="vSAN Disk Groups and Data Storage Architecture: Hybrid or All-Flash",
    url="https://youtu.be/PDcLgV37FP4?list=PLjwkgfjHppDux1XhPB8pW3vS43Aglfq2c"
}

@Misc{licenses,
    author="VMware Cloud Foundation",
    title="VMware Software Edition License Information",
    url="https://docs.vmware.com/en/VMware-Cloud-Foundation/4.0/rn/VMware-Cloud-Foundation-40-Release-Notes.html#licenseinfo"
}

@misc{resourcePool,
    author="VMware",
    title="Managing Resource Pools",
    url="https://docs.vmware.com/en/VMware-vSphere/6.7/com.vmware.vsphere.resmgmt.doc/GUID-60077B40-66FF-4625-934A-641703ED7601.html"
}

@Misc{latency,
    author="VMware",
    title="Multiple Availability Zones",
    url="https://docs.vmware.com/en/VMware-Cloud-Foundation/4.0/com.vmware.vcf.vxrail.admin.doc/GUID-0FA2DBCB-4522-46EC-B267-9F1B10FD9B26.html"
}

@misc{cloud-computing-growth,
  author       = {Markets and Markets},
  title        = {Cloud Computing Market by Service Model (Infrastructure as a Service (IaaS), Platform as a Service (PaaS), and Software as a Service (SaaS)), Deployment Model (Public and Private), Organization Size, Vertical, and Region - Global Forecast to 2025},
  url          = {https://www.researchandmarkets.com/reports/5136796/cloud-computing-market-by-service-model?utm_source=GNOM&utm_medium=PressRelease&utm_code=8vg2fl&utm_campaign=1428189+-+Cloud+Computing+Industry+to+Grow+from+%24371.4+Billion+in+2020+to+%24832.1+Billion+by+2025%2c+at+a+CAGR+of+17.5%25&utm_exec=joca220prd},
  year         = {2020}
}

@misc{cloud-platforms,
  author       = {ToolBox},
  title        = {Top 5 Private Cloud Service Providers in 2019},
  url = {https://www.toolbox.com/tech/cloud/tech-101/top-5-private-cloud-service-providers-in-2019-hpe-vmware-dell-oracle-and-ibm/},
  year         = {2019}
}

@misc{apache-cloudstack,
  author       = {Apache CloudStack},
  title        = {Apache CloudStack: About},
  url = {https://cloudstack.apache.org/about.html}
}

@misc{integrated-openstack,
  author       = {VMware},
  title        = {VMware Integrated OpenStack},
  url          = {https://www.vmware.com/es/products/openstack.html}
}

@misc{openstack-overview,
  author       = {OpenStack},
  title        = {OpenStack Overview},
  url = {https://www.openstack.org/software/}
}

@misc{cloud-foundation,
  author       = {VMware},
  title        = {VMware Cloud Foundation},
  url = {https://www.vmware.com/es/products/cloud-foundation.html}
}

https://docs.vmware.com/en/VMware-Validated-Design/6.0/introducing-vmware-validated-design/GUID-661B1CE3-1F74-4E00-80F3-0F5EA39528CD.html

%\bibitem{defCloudComuting}
%Peter Mell, Timothy Grance. \textit{The NIST Definition of Cloud Computing} %\texttt{https://nvlpubs.nist.gov/nistpubs/Legacy/SP/nistspecialpublication800-145.%pdf}


